<record xmlns="http://www.openarchives.org/OAI/2.0/" xmlns:xsi="http://www.w3.org/2001/XMLSchema-instance"><header><identifier>oai:alma.34CSIC_INST:990012277220204201</identifier><datestamp>2020-02-06T08:41:03Z</datestamp><setSpec>manuscripta</setSpec></header><metadata><record xmlns="http://www.loc.gov/MARC21/slim" xmlns:xsi="http://www.w3.org/2001/XMLSchema-instance" xsi:schemaLocation="http://www.loc.gov/MARC21/slim http://www.loc.gov/standards/marcxml/schema/MARC21slim.xsd"><leader>09467ntm a2200625 i 4500</leader><controlfield tag="005">20181031100350.0</controlfield><controlfield tag="008">100406q15001600sp            000 0 ara d</controlfield><controlfield tag="001">990012277220204201</controlfield><datafield tag="035" ind1=" " ind2=" "><subfield code="a">CSIC001227722</subfield></datafield><datafield tag="035" ind1=" " ind2=" "><subfield code="a">(ES-MaCSI)001227722MAD01-Aleph</subfield></datafield><datafield tag="035" ind1=" " ind2=" "><subfield code="a">(OCoLC)1123803996
</subfield></datafield><datafield tag="040" ind1=" " ind2=" "><subfield code="a">ES-MaCSI</subfield><subfield code="b">spa</subfield></datafield><datafield tag="080" ind1=" " ind2=" "><subfield code="a">091(=411.21)</subfield></datafield><datafield tag="080" ind1=" " ind2=" "><subfield code="a">28</subfield></datafield><datafield tag="245" ind1="1" ind2="0"><subfield code="a">[Miscelánea]</subfield><subfield code="h">[Manuscrito]</subfield></datafield><datafield tag="260" ind1=" " ind2=" "><subfield code="a">[S.l.],</subfield><subfield code="c">[s.a., S. XVI].</subfield></datafield><datafield tag="300" ind1=" " ind2=" "><subfield code="a">ff. :</subfield><subfield code="b">papel ;</subfield><subfield code="c">[17-19 cm. aprox.].</subfield></datafield><datafield tag="490" ind1="0" ind2=" "><subfield code="a">Manuscripta</subfield></datafield><datafield tag="500" ind1=" " ind2=" "><subfield code="a">Singnatura antigua: Junta 58</subfield></datafield><datafield tag="500" ind1=" " ind2=" "><subfield code="a">[Fragmento A]:</subfield></datafield><datafield tag="501" ind1=" " ind2=" "><subfield code="a">Título: Azoras del Corán / [sin aut.]. -- 10 ff. (Una col., entre 11 y 14 líneas por pág.), 19 x 14 cms (caja: 15 x 13 cm).</subfield></datafield><datafield tag="501" ind1=" " ind2=" "><subfield code="a">[cont. Fragmento A]:</subfield></datafield><datafield tag="501" ind1=" " ind2=" "><subfield code="a">Incipit: (بعد البسملة) وَالضُّحَى (1) وَاللَّيْلِ إِذَا سَجَى مَا وَدَّعَكَ رَبُّكَ وَمَا قَلَى وَلَلآخِرَةُ خَيْرٌ لَكَ مِنْ الأُولَى</subfield></datafield><datafield tag="501" ind1=" " ind2=" "><subfield code="a">Explicit: ارْجِعِي إِلَى رَبِّكِ رَاضِيَةً مَرْضِيَّةً فَادْخُلِي فِي عِبَادِي وَادْخُلِي جَنَّتِي.</subfield></datafield><datafield tag="501" ind1=" " ind2=" "><subfield code="a">[cont. Fragmento A]:</subfield></datafield><datafield tag="501" ind1=" " ind2=" "><subfield code="a">Tinta marrón oscuro. -- Copista: Desconocido. -- Colofón, características especiales, il.: No. -- ilustraciones: Tres puntos en forma de pirámide. -- Tipo de cuaderno: Un quinión. -- Deterioros: Esquinas dobladas. Mancha de humedad en pliegue superior. -- H. en blanco: F. 10v. -- H. dañadas, mutiladas, sueltas: No. -- H. faltan o añadidas: Probablemente se trate del último cuaderno del volumen, por lo que faltarían los iniciales. -- Foliación: Moderna, a lápiz, en el margen superior externo del verso del último folio, “98v”. Resto sin foliar. -- Reclamos, sign. de cuaderno: No. -- Pautado: Inexistente. Impaginación irregular. -- Filigrana: Mano con estrella. -- Anotaciones: No.</subfield></datafield><datafield tag="501" ind1=" " ind2=" "><subfield code="a">[Fragmento B]:</subfield></datafield><datafield tag="501" ind1=" " ind2=" "><subfield code="a">Título: Azoras coránicas y excelencias de la oración. Azoras coránicas traducidas y comentadas y tratado sobre la oración / [sin aut.]. -- 88 ff. (Una col., 13 y 14 líneas por pág., con predominancia de 13), 17,7 x 11,7 cms (caja: 11,7 x 7,5 cms). En tercer cuaderno, hojas no bien guillotinadas: quedan barbas y f. 39 de dimensiones más pequeñas.</subfield></datafield><datafield tag="501" ind1=" " ind2=" "><subfield code="a">[cont. Fragmento B]:</subfield></datafield><datafield tag="501" ind1=" " ind2=" "><subfield code="a">Incipit: ءَانَالْنُنْبَارَاذَااللهْ بِّيَذُشُ ذَابَّيَذَذ. بسم الله الرحمن الرحيم. الْحَمْدُ لِلَّهِ رَبِّ الْعَالَمِينَ الرَّحْمَنِ الرَّحِيمِ</subfield></datafield><datafield tag="501" ind1=" " ind2=" "><subfield code="a">Explicit. لا شريك له في الملك له الملق وله والحمد وهو على كل شي. قدير. كبَّتُلُ بسم الله الرحمان الرحيم</subfield></datafield><datafield tag="501" ind1=" " ind2=" "><subfield code="a">[cont. Fragmento B]:</subfield></datafield><datafield tag="501" ind1=" " ind2=" "><subfield code="a">Tinta marrón oscura. -- Copista: Desconocido. Dos manos. -- Colofón: No. -- Características especiales: Texto árabe de 81v-84r sin vocalizar. -- Il.: No. -- Ilustraciones: Tres puntos en forma de triángulo. Manecillas en los márgenes. -- Tipo de cuaderno: Sexternos y octoniones. -- Deterioros: Manchas de fuego en cortes. Oxidación del papel por la tinta empleada, lo que lleva en algunos casos a rotura de papel en la primera mano. En los últimos tres cuadernos, cortes más deteriorados que los anteriores por el fuego, especialmente en el penúltimo cuaderno. A los pliegues de los dos últimos cuadernos les falta buena parte del papel. -- H. en blanco: 1r-3r; 84v-88v. -- H. dañadas, mutiladas, sueltas: No. -- H. faltan o añadidas: Faltan muchos materiales. -- Foliación: 1-88. Moderna, a lápiz, en el margen superior externo del verso de cada folio. Los cuadernos, de forma ordenada, quedarían de la siguiente forma con respecto a la foliación dada: 1-48+57-68+49-52+53-56+69-72+73-88. -- Reclamos: En horizontal, en margen inferior interno del verso del último folio de cada cuaderno.</subfield></datafield><datafield tag="501" ind1=" " ind2=" "><subfield code="a">[cont. Fragmento B]: Sign. de cuaderno: No. -- Pautado: Mistara, en verso de cada folio. -- Filigrana: Racimo de uvas y corona. -- Anotaciones: Anotaciones marginales, verticales y horizontales, que completan el texto.</subfield></datafield><datafield tag="510" ind1="3" ind2=" "><subfield code="a">Descripción: Julián Ribera y Miguel Asín, Manuscritos árabes y aljamiados de la Biblioteca de la Junta, Madrid, Junta para Ampliación de Estudios e Investigaciones Científicas, 1912, p. 205. [Fragmento A, B]</subfield></datafield><datafield tag="510" ind1="4" ind2=" "><subfield code="a">Bibliografía: Consuelo López Morillas ""The Genealogy of the Spanish Qur'an," Journal of Islamic Studies, 17 (2006), 255-94. Se cita en el Apéndice A, y en el texto. p. 284, 282, 283,284, 285, 286, 288, 291. Consuelo López Morillas “Lost and Found? Yça of Segovia and the Qur’an Among the Mudejars and Moriscos,” Journal of Islamic Studies, 10 (1999), 277-92. p. 281</subfield></datafield><datafield tag="520" ind1="2" ind2=" "><subfield code="a">[Fragmento A]: Azoras del Corán en árabe.</subfield></datafield><datafield tag="520" ind1="2" ind2=" "><subfield code="a">[Fragmento B]: 3v-48v. Azoras del Corán traducidas y comentadas. 49r-65v. “Capítulo. Estos son los días del dayuno de gracia”. 65v-66r. “Capítulo. Del tahur”. 66v-71v. “Capítulo. Del-açalá del deudo adeudecido”. 71v-72r. “Capítulo. Quien afollará su dayuno de Ramadán”. 72v. “Capítulo. I las purgaciones de las mujeres”. [Ápodo.] 73r-81r. Oración en aljamiado. 81r. “Capítulo. Este es un aduga [sic] de mucho gualardón”. [Aljamía y árabe.]</subfield></datafield><datafield tag="530" ind1=" " ind2=" "><subfield code="a">María Pilar Martínez Olmo, Colección de manuscritos árabes y aljamiados de la Biblioteca del Instituto de Filología del CSIC [recurso electrónico]: los manuscritos de la Junta, Madrid, CSIC, 1998, 4 Cd-Rom. [Fragmento A, B]</subfield></datafield><datafield tag="541" ind1=" " ind2=" "><subfield code="a">Procedencia: Almonacid de la Sierra.</subfield><subfield code="d">Ingreso: Junio de 1910. [Fragmento A, B]</subfield></datafield><datafield tag="546" ind1=" " ind2=" "><subfield code="a">Árabe</subfield><subfield code="b">con escritura magrebí. [Fragmento A]</subfield></datafield><datafield tag="546" ind1=" " ind2=" "><subfield code="a">Aljamía y árabe</subfield><subfield code="b">con escritura magrebí y seudocúfica adornada en título de azoras. [Fragmento B]</subfield></datafield><datafield tag="563" ind1=" " ind2=" "><subfield code="a">Occidental, de época, en cartera. En pergamino claro, oscurecido por el fuego y la humedad en la parte posterior. Conserva elementos de cierre, así como adorno en el lomo. Parte de la solapa desaparecida. Más pequeña que el contenido. [Fragmento A]</subfield></datafield><datafield tag="563" ind1=" " ind2=" "><subfield code="a">Inexistente, aunque hoy se conserva bajo encuadernación de J 58A. [Fragmento B]</subfield></datafield><datafield tag="594" ind1=" " ind2="1"><subfield code="a">Responsabilidad desconocida</subfield></datafield><datafield tag="630" ind1="0" ind2="7"><subfield code="a">Corán.</subfield><subfield code="2">CSICAU</subfield></datafield><datafield tag="650" ind1=" " ind2="7"><subfield code="a">Manuscritos árabes.</subfield><subfield code="2">CSICAU</subfield></datafield><datafield tag="650" ind1=" " ind2="7"><subfield code="a">Manuscritos aljamiados.</subfield><subfield code="2">CSICAU</subfield></datafield><datafield tag="730" ind1="0" ind2=" "><subfield code="a">Azoras del Corán.</subfield></datafield><datafield tag="730" ind1="0" ind2=" "><subfield code="a">Azoras coránicas y excelencias de la oración.</subfield></datafield><datafield tag="740" ind1="0" ind2=" "><subfield code="a">Azoras del Corán.</subfield></datafield><datafield tag="740" ind1="0" ind2=" "><subfield code="a">Azoras coránicas traducidas y comentadas y tratado sobre la oración.</subfield></datafield><datafield tag="830" ind1=" " ind2="0"><subfield code="a">Manuscripta</subfield></datafield><datafield tag="856" ind1="4" ind2="1"><subfield code="u">http://aleph.csic.es/imagenes/mad01/0006_PMSC/P_001227722_651322_V00.pdf</subfield><subfield code="z">Descargar Pdf completo (13M)</subfield><subfield code="m">CSIC</subfield></datafield><datafield tag="856" ind1="4" ind2="1"><subfield code="u">http://simurg.bibliotecas.csic.es/viewer/image/CSIC001227722/1/</subfield><subfield code="z">Ver texto completo en SIMURG, el portal de fondos digitalizados del CSIC</subfield><subfield code="m">CSIC</subfield></datafield><datafield tag="856" ind1="4" ind2="1"><subfield code="u">http://aleph.csic.es/imagenes/mad01/0006_PMSC/html/001227722.html</subfield><subfield code="z">Ver texto completo en Bookreader</subfield></datafield></record></metadata></record>